<record><leader>00000cas a2200000 a 4500</leader><controlfield tag="001">10690121</controlfield><controlfield tag="008">840504d18461864ctudn ne      0    0eng c</controlfield><datafield ind1=" " ind2=" " tag="010"><subfield code="a">sn 84023005 </subfield></datafield><datafield ind1=" " ind2=" " tag="040"><subfield code="a">NPX</subfield><subfield code="b">eng</subfield><subfield code="c">NPX</subfield><subfield code="d">NPV</subfield><subfield code="d">NPY</subfield><subfield code="d">YOX</subfield><subfield code="d">CNW</subfield><subfield code="d">OCL</subfield><subfield code="d">KRTAS</subfield><subfield code="d">CUI</subfield><subfield code="d">OCLCQ</subfield><subfield code="d">OCLCA</subfield><subfield code="d">OCLCF</subfield></datafield><datafield ind1="1" ind2=" " tag="029"><subfield code="a">AU@</subfield><subfield code="b">000020129216</subfield></datafield><datafield ind1=" " ind2=" " tag="042"><subfield code="a">pcc</subfield></datafield><datafield ind1=" " ind2=" " tag="043"><subfield code="a">n-us-ct</subfield></datafield><datafield ind1=" " ind2="4" tag="050"><subfield code="a">AN</subfield></datafield><datafield ind1="0" ind2="0" tag="245"><subfield code="a">New-Haven daily register.</subfield></datafield><datafield ind1="3" ind2="0" tag="246"><subfield code="a">New Haven register</subfield></datafield><datafield ind1="1" ind2="3" tag="246"><subfield code="a">Daily register</subfield><subfield code="f">1846-&lt;1850&gt;</subfield></datafield><datafield ind1=" " ind2=" " tag="260"><subfield code="a">New-Haven [Conn.] :</subfield><subfield code="b">Osborn &amp; Baldwin</subfield></datafield><datafield ind1=" " ind2=" " tag="300"><subfield code="a">v. ;</subfield><subfield code="c">56 cm.</subfield></datafield><datafield ind1=" " ind2=" " tag="310"><subfield code="a">Daily (except Sun.)</subfield></datafield><datafield ind1="0" ind2=" " tag="362"><subfield code="a">Vol. 6, no. 906 (May 5, 1846)-v. 24 (Apr. 30, 1864).</subfield></datafield><datafield ind1=" " ind2=" " tag="500"><subfield code="a">Published as: New=Haven daily register, &lt;Oct. 16, 1849-Oct. 22, 1850&gt;, and: New Haven daily register, &lt;May 5, 1854-Mar. 17, 1858&gt;.</subfield></datafield><datafield ind1=" " ind2=" " tag="500"><subfield code="a">"Daily" appears in title ornament, &lt;Jan. 10, 1851-Dec. 22, 1856&gt;.</subfield></datafield><datafield ind1=" " ind2=" " tag="580"><subfield code="a">Weekly eds.: Columbian register (New Haven, Conn. : 1812), 1846-1855, and: Columbian weekly register, 1856-1864.</subfield></datafield><datafield ind1=" " ind2=" " tag="580"><subfield code="a">Triweekly ed.: New Haven register (New Haven, Conn. : 1846), 1846, and: Daily register (New Haven, Conn.), 1846-186.</subfield></datafield><datafield ind1=" " ind2="0" tag="651"><subfield code="a">New Haven (Conn.)</subfield><subfield code="v">Newspapers.</subfield></datafield><datafield ind1=" " ind2="0" tag="651"><subfield code="a">New Haven County (Conn.)</subfield><subfield code="v">Newspapers.</subfield></datafield><datafield ind1=" " ind2="7" tag="655"><subfield code="a">Newspapers.</subfield><subfield code="2">fast</subfield><subfield code="0">(OCoLC)fst01423814</subfield></datafield><datafield ind1=" " ind2="7" tag="651"><subfield code="a">Connecticut</subfield><subfield code="z">New Haven.</subfield><subfield code="2">fast</subfield><subfield code="0">(OCoLC)fst01206280</subfield></datafield><datafield ind1=" " ind2="7" tag="651"><subfield code="a">Connecticut</subfield><subfield code="z">New Haven County.</subfield><subfield code="2">fast</subfield><subfield code="0">(OCoLC)fst01207938</subfield></datafield><datafield ind1=" " ind2=" " tag="752"><subfield code="a">United States</subfield><subfield code="b">Connecticut</subfield><subfield code="c">New Haven</subfield><subfield code="d">New Haven.</subfield></datafield><datafield ind1="1" ind2=" " tag="775"><subfield code="t">Columbian register (New Haven, Conn. : 1812)</subfield><subfield code="w">(DLC)sn 82015538</subfield><subfield code="w">(OCoLC)8807798</subfield></datafield><datafield ind1="1" ind2=" " tag="775"><subfield code="t">Columbian weekly register</subfield><subfield code="w">(DLC)sn 82014604</subfield><subfield code="w">(OCoLC)8787140</subfield></datafield><datafield ind1="1" ind2=" " tag="775"><subfield code="t">New Haven register (New Haven, Conn. : 1846)</subfield><subfield code="w">(DLC)sn 94053263</subfield><subfield code="w">(OCoLC)31158371</subfield></datafield><datafield ind1="1" ind2=" " tag="775"><subfield code="t">Daily register (New Haven, Conn.)</subfield><subfield code="w">(DLC)sn 84022862</subfield><subfield code="w">(OCoLC)10688540</subfield></datafield><datafield ind1="0" ind2="8" tag="776"><subfield code="i">Online version:</subfield><subfield code="t">New-Haven daily register (Online)</subfield><subfield code="w">(OCoLC)192107439</subfield></datafield><datafield ind1="0" ind2="0" tag="785"><subfield code="t">New Haven morning register</subfield><subfield code="w">(DLC)sn 94053245</subfield><subfield code="w">(OCoLC)31071004</subfield></datafield><datafield ind1=" " ind2=" " tag="938"><subfield code="a">Kirtas Technologies, Inc.</subfield><subfield code="b">KRTS</subfield><subfield code="n">738416</subfield></datafield></record>